%% This BibTeX bibliography file was created using BibDesk.
%% http://bibdesk.sourceforge.net/


%% Created for Hubert at 2012-09-03 11:17:53 +0200 


%% Saved with string encoding Unicode (UTF-8) 



@article{:kx,
	Author = {Koen Claessen and John Hughes},
	Date-Added = {2012-09-03 09:10:23 +0000},
	Date-Modified = {2012-09-03 09:13:36 +0000},
	Title = {QuickCheck: A Lightweight Tool for Random Testing of Haskell Programs},
	Year = {2009},
	Bdsk-File-1 = {YnBsaXN0MDDUAQIDBAUIJidUJHRvcFgkb2JqZWN0c1gkdmVyc2lvblkkYXJjaGl2ZXLRBgdUcm9vdIABqAkKFRYXGyIjVSRudWxs0wsMDQ4RElpOUy5vYmplY3RzViRjbGFzc1dOUy5rZXlzog8QgASABoAHohMUgAKAA1lhbGlhc0RhdGFccmVsYXRpdmVQYXRo0hgMGRpXTlMuZGF0YU8RAZIAAAAAAZIAAgAADE1hY2ludG9zaCBIRAAAAAAAAAAAAAAAAAAAAMxC81pIKwAAAB7SbAlxdWljay5wZGYAAAAAAAAAAAAAAAAAAAAAAAAAAAAAAAAAAAAAAAAAAAAAAAAAAAAAAAAAAAAAAAAAAAAAAAAAH7/JzAUAbgAAAAAAAAAAAAUABAAACSAAAAAAAAAAAAAAAAAAAAAIQXJ0aWNsZXMAEAAIAADMQtc6AAAAEQAIAADMBOROAAAAAQAUAB7SbAAe0lwADDO7AAwYOwAAk8oAAgBBTWFjaW50b3NoIEhEOlVzZXJzOgBodWJlcnQ6AERyb3Bib3g6AGxpYnJhcnk6AEFydGljbGVzOgBxdWljay5wZGYAAA4AFAAJAHEAdQBpAGMAawAuAHAAZABmAA8AGgAMAE0AYQBjAGkAbgB0AG8AcwBoACAASABEABIAL1VzZXJzL2h1YmVydC9Ecm9wYm94L2xpYnJhcnkvQXJ0aWNsZXMvcXVpY2sucGRmAAATAAEvAAAVAAIADf//AACABdIcHR4fWCRjbGFzc2VzWiRjbGFzc25hbWWjHyAhXU5TTXV0YWJsZURhdGFWTlNEYXRhWE5TT2JqZWN0XxAxLi4vLi4vLi4vLi4vLi4vRHJvcGJveC9saWJyYXJ5L0FydGljbGVzL3F1aWNrLnBkZtIcHSQloiUhXE5TRGljdGlvbmFyeRIAAYagXxAPTlNLZXllZEFyY2hpdmVyAAgAEQAWAB8AKAAyADUAOgA8AEUASwBSAF0AZABsAG8AcQBzAHUAeAB6AHwAhgCTAJgAoAI2AjgCPQJGAlECVQJjAmoCcwKnAqwCrwK8AsEAAAAAAAACAQAAAAAAAAAoAAAAAAAAAAAAAAAAAAAC0w==}}

@article{:uq,
	Author = {Jonas Almstr{\"o}m Dureg{\aa}rd},
	Date-Added = {2012-09-03 09:10:02 +0000},
	Date-Modified = {2012-09-03 09:15:07 +0000},
	Title = {AGATA: Random generation of test data},
	Year = {2009},
	Bdsk-File-1 = {YnBsaXN0MDDUAQIDBAUIJidUJHRvcFgkb2JqZWN0c1gkdmVyc2lvblkkYXJjaGl2ZXLRBgdUcm9vdIABqAkKFRYXGyIjVSRudWxs0wsMDQ4RElpOUy5vYmplY3RzViRjbGFzc1dOUy5rZXlzog8QgASABoAHohMUgAKAA1lhbGlhc0RhdGFccmVsYXRpdmVQYXRo0hgMGRpXTlMuZGF0YU8RAcQAAAAAAcQAAgAADE1hY2ludG9zaCBIRAAAAAAAAAAAAAAAAAAAAMxC81pIKwAAAB7SbBZndXBlYV8yMDc3XzIyMDg3XzEucGRmAAAAAAAAAAAAAAAAAAAAAAAAAAAAAAAAAAAAAAAAAAAAAAAAAAAAAAAAH7/ozAUAkwAAAAAAAAAAAAUABAAACSAAAAAAAAAAAAAAAAAAAAAIQXJ0aWNsZXMAEAAIAADMQtc6AAAAEQAIAADMBORzAAAAAQAUAB7SbAAe0lwADDO7AAwYOwAAk8oAAgBOTWFjaW50b3NoIEhEOlVzZXJzOgBodWJlcnQ6AERyb3Bib3g6AGxpYnJhcnk6AEFydGljbGVzOgBndXBlYV8yMDc3XzIyMDg3XzEucGRmAA4ALgAWAGcAdQBwAGUAYQBfADIAMAA3ADcAXwAyADIAMAA4ADcAXwAxAC4AcABkAGYADwAaAAwATQBhAGMAaQBuAHQAbwBzAGgAIABIAEQAEgA8VXNlcnMvaHViZXJ0L0Ryb3Bib3gvbGlicmFyeS9BcnRpY2xlcy9ndXBlYV8yMDc3XzIyMDg3XzEucGRmABMAAS8AABUAAgAN//8AAIAF0hwdHh9YJGNsYXNzZXNaJGNsYXNzbmFtZaMfICFdTlNNdXRhYmxlRGF0YVZOU0RhdGFYTlNPYmplY3RfED4uLi8uLi8uLi8uLi8uLi9Ecm9wYm94L2xpYnJhcnkvQXJ0aWNsZXMvZ3VwZWFfMjA3N18yMjA4N18xLnBkZtIcHSQloiUhXE5TRGljdGlvbmFyeRIAAYagXxAPTlNLZXllZEFyY2hpdmVyAAgAEQAWAB8AKAAyADUAOgA8AEUASwBSAF0AZABsAG8AcQBzAHUAeAB6AHwAhgCTAJgAoAJoAmoCbwJ4AoMChwKVApwCpQLmAusC7gL7AwAAAAAAAAACAQAAAAAAAAAoAAAAAAAAAAAAAAAAAAADEg==}}

@article{:fk,
	Author = {Jonas Dureg{\aa}rd and Patrik Jansson and Meng Wang },
	Date-Added = {2012-09-03 09:09:52 +0000},
	Date-Modified = {2012-09-03 09:17:34 +0000},
	Month = {July},
	Title = {Feat: Functional Enumeration of Algebraic Types},
	Year = {2012},
	Bdsk-File-1 = {YnBsaXN0MDDUAQIDBAUIJidUJHRvcFgkb2JqZWN0c1gkdmVyc2lvblkkYXJjaGl2ZXLRBgdUcm9vdIABqAkKFRYXGyIjVSRudWxs0wsMDQ4RElpOUy5vYmplY3RzViRjbGFzc1dOUy5rZXlzog8QgASABoAHohMUgAKAA1lhbGlhc0RhdGFccmVsYXRpdmVQYXRo0hgMGRpXTlMuZGF0YU8RAYwAAAAAAYwAAgAADE1hY2ludG9zaCBIRAAAAAAAAAAAAAAAAAAAAMxC81pIKwAAAB7SbAhGZWF0LnBkZgAAAAAAAAAAAAAAAAAAAAAAAAAAAAAAAAAAAAAAAAAAAAAAAAAAAAAAAAAAAAAAAAAAAAAAAAAAMRXgzFfm5AAAAAAAAAAAAAUABAAACSAAAAAAAAAAAAAAAAAAAAAIQXJ0aWNsZXMAEAAIAADMQtc6AAAAEQAIAADMV8rEAAAAAQAUAB7SbAAe0lwADDO7AAwYOwAAk8oAAgBATWFjaW50b3NoIEhEOlVzZXJzOgBodWJlcnQ6AERyb3Bib3g6AGxpYnJhcnk6AEFydGljbGVzOgBGZWF0LnBkZgAOABIACABGAGUAYQB0AC4AcABkAGYADwAaAAwATQBhAGMAaQBuAHQAbwBzAGgAIABIAEQAEgAuVXNlcnMvaHViZXJ0L0Ryb3Bib3gvbGlicmFyeS9BcnRpY2xlcy9GZWF0LnBkZgATAAEvAAAVAAIADf//AACABdIcHR4fWCRjbGFzc2VzWiRjbGFzc25hbWWjHyAhXU5TTXV0YWJsZURhdGFWTlNEYXRhWE5TT2JqZWN0XxAwLi4vLi4vLi4vLi4vLi4vRHJvcGJveC9saWJyYXJ5L0FydGljbGVzL0ZlYXQucGRm0hwdJCWiJSFcTlNEaWN0aW9uYXJ5EgABhqBfEA9OU0tleWVkQXJjaGl2ZXIACAARABYAHwAoADIANQA6ADwARQBLAFIAXQBkAGwAbwBxAHMAdQB4AHoAfACGAJMAmACgAjACMgI3AkACSwJPAl0CZAJtAqACpQKoArUCugAAAAAAAAIBAAAAAAAAACgAAAAAAAAAAAAAAAAAAALM}}
