@string{entcs   = "Electronic Notes in Theoretical Computer Science"}
@string{lncs    = "Lecture Notes in Computer Science"}

@string{springer = {Springer-Verlag} }
@string{acm = "ACM Press"},
@string{ieee = "IEEE"},
@string{elsevier = "Elsevier Science Publishers"},

@article{syme07,
  author = {Don Syme and Gregory Neverov and James Margetson},
  title = {Extensible pattern matching via a lightweight language extension},
  journal = {SIGPLAN Notices},
  volume = {42},
  number = {9},
  year = {2007},
  pages = {29--40},
  publisher = acm,
  address = {New York, NY, USA},
}

@inproceedings{visser-oopsla01,
  Address = {New York, NY, USA},
  Author = {Joost Visser},
  Booktitle = {OOPSLA'01: Proceedings of the 16th ACM SIGPLAN conference on Object oriented programming, systems, languages, and applications},
  Date-Added = {2008-03-13 15:31:23 +0100},
  Date-Modified = {2008-03-13 15:31:23 +0100},
  Doi = {http://doi.acm.org/10.1145/504282.504302},
  Isbn = {1-58113-335-9},
  Location = {Tampa Bay, FL, USA},
  Pages = {270--282},
  Publisher = acm,
  Title = {Visitor combination and traversal control},
  Year = {2001},
  Bdsk-Url-1 = {http://doi.acm.org/10.1145/504282.504302}
}

@inproceedings{wadler87,
  author = {Philip Wadler},
  title = {Views: a way for pattern matching to cohabit with data abstraction},
  booktitle = {POPL'87: Proceedings of the 14th ACM SIGACT-SIGPLAN symposium on Principles of programming languages},
  year = {1987},
  isbn = {0-89791-215-2},
  pages = {307--313},
  publisher = acm,
  address = {New York, NY, USA},
}

@inproceedings{odersky97pizza,
  Author = {Odersky, M. and Wadler, P.},
  Booktitle = {{POPL}'97: Proceedings of the 24th {ACM} Symposium on Principles of Programming Languages},
  Pages = {146--159},
  Publisher = acm,
  Title = {Pizza into {Java}: Translating Theory into Practice},
  Year = {1997}
}

@inproceedings{BKK98,
  author    = {Borovansk{\'y}, Peter and Kirchner, Claude
    and Kirchner, H{\'e}l{\`e}ne and Moreau, Pierre-{\'E}tienne
      and Ringeissen, Christophe},
  title     = {An Overview of {ELAN}},
  year      = {1998},
  booktitle = {WRLA'98: Proceedings of the 2nd International Workshop on
    Rewriting Logic and its Applications},
  editor    = {Kirchner, Claude and Kirchner, H{\'e}l{\`e}ne},
  publisher = entcs,
  volume    = 15,
  address   = {Pont-{\`a}-Mousson, France},
}


@inproceedings{visser-icfp98,
  author = {Visser, Eelco and Benaissa, Zine-el-Abidine and Tolmach, Andrew},
  title = {Building Program Optimizers with Rewriting Strategies},
  booktitle = {ICFP'98: Proceedings of the 3rd ACM SIGPLAN International Conference on
    Functional Programming},
  year = {1998},
  month = {Septembre},
  pages = {13--26},
  publisher = acm,
}


@phdthesis{emir07,
  Author = {Burak, Emir},
  School = {{\'E}cole Polytechnique F{\'e}d{\'e}rale de Lausanne},
  Title = {Object-oriented pattern matching},
  Year = 2007
}

@techreport{scala,
  author      = {Odersky, Martin and Altherr, Philippe and Cremet,
    Vincent and Dragos, Iulian and Dubochet, Gilles and Emir,
    Burak and McDirmid, Sean and Micheloud, St√©phane and
      Mihaylov, Nikolay and Schinz, Michel and Spoon, Lex and
      Stenman, Erik and Zenger, Matthias},
  title       = {An {O}verview of the {S}cala {P}rogramming {L}anguage (2. Edition)},
  type = {Technical report},
  Institution = {{\'E}cole Polythecnique F{\'e}d{\'e}rale de Lausanne},
  year        = 2006
}

@book{fsharp,
 author = {Robert Pickering},
 title = {Foundations of F\#},
 year = {2007},
 isbn = {1590597575},
 publisher = {Apress},
 address = {Berkely, CA, USA},
 }



